
@Book{art1,
  title         = {The Art of Computer Programming: Fundamental algorithms},
  author        = {Knuth, Donald Ervin},
  year          = 1997,
  publisher     = {Addison-Wesley},
  url           = {https://books.google.com.br/books?id=B31GAAAAYAAJ},
  lccn          = 97002147,
  number        = {v. 1},
  series        = {Addison-Wesley series in computer science and information processing},
  isbn          = 9780201896831
}

@Book{heath1921history,
  title         = {A History of Greek Mathematics},
  author        = {Thomas Little Heath},
  year          = 1921,
  publisher     = {Clarendon Press},
  number        = {v. 1},
  series        = {A History of Greek Mathematics}
}


@Unpublished{knuth77,
  title         = {Notes on the van Emde Boas construction of priority deques: an instructive use of recursion},
  author        = {Knuth, Donald Ervin},
  year          = 1977,
  month         = mar,
  note          = {Classroom notes}
}

@Book{shakespeare1885tragedy,
  title         = {Tragedy of Hamlet, prince of Denmark},
  author        = {Shakespeare, William},
  year          = 1885,
  publisher     = {SR Winchell \& Company}
}
