@inproceedings{datasetPort,
 author = {Lucas Galhardi and Rodrigo de Souza and Jacques Brancher},
 title = { Automatic Grading of Portuguese Short Answers Using a Machine Learning Approach},
 booktitle = {Anais Estendidos do XVI Simpósio Brasileiro de Sistemas de Informação},
 location = {Evento Online},
 year = {2020},
 keywords = {},
 issn = {0000-0000},
 pages = {109--124},
 publisher = {SBC},
 address = {Porto Alegre, RS, Brasil},
 doi = {10.5753/sbsi.2020.13133},
 url = {https://sol.sbc.org.br/index.php/sbsi_estendido/article/view/13133}
}

@article{datasetEsp,
author = {Mardini G., Ivan D. and Quintero M., Christian G. and Viloria N., C\'{e}sar A. and Percybrooks B., Winston S. and Robles N., Heydy S. and Villalba R., Karen},
title = {A deep-learning-based grading system (ASAG) for reading comprehension assessment by using aphorisms as open-answer-questions},
year = {2023},
issue_date = {Mar 2024},
publisher = {Kluwer Academic Publishers},
address = {USA},
volume = {29},
number = {4},
issn = {1360-2357},
url = {https://doi.org/10.1007/s10639-023-11890-7},
doi = {10.1007/s10639-023-11890-7},
journal = {Education and Information Technologies},
month = {jul},
pages = {4565–4590},
numpages = {26},
keywords = {Automated grading, ASAG, BERT model, Deep learning, Reading comprehension assessment, Sentence embedding, Skip-Thought model}
}

@inproceedings{datasetEng,
  title={Text-to-text semantic similarity for automatic short answer grading},
  author={Mohler, Michael and Mihalcea, Rada},
  booktitle={Proceedings of the 12th Conference of the European Chapter of the ACL (EACL 2009)},
  pages={567--575},
  year={2009},
  url={https://www.kaggle.com/code/abdokamr/question-answering-with-t5}
}

@inproceedings{bertimbau,
  author    = {F{\'a}bio Souza and
               Rodrigo Nogueira and
               Roberto Lotufo},
  title     = {{BERT}imbau: pretrained {BERT} models for {B}razilian {P}ortuguese},
  booktitle = {9th Brazilian Conference on Intelligent Systems, {BRACIS}, Rio Grande do Sul, Brazil, October 20-23 (to appear)},
  year      = {2020}
}

@inproceedings{beto,
  title={Spanish Pre-Trained BERT Model and Evaluation Data},
  author={Cañete, José and Chaperon, Gabriel and Fuentes, Rodrigo and Ho, Jou-Hui and Kang, Hojin and Pérez, Jorge},
  booktitle={PML4DC at ICLR 2020},
  year={2020}
}

@article{bert,
  author    = {Jacob Devlin and
               Ming{-}Wei Chang and
               Kenton Lee and
               Kristina Toutanova},
  title     = {{BERT:} Pre-training of Deep Bidirectional Transformers for Language
               Understanding},
  journal   = {CoRR},
  volume    = {abs/1810.04805},
  year      = {2018},
  url       = {http://arxiv.org/abs/1810.04805},
  archivePrefix = {arXiv},
  eprint    = {1810.04805},
  timestamp = {Tue, 30 Oct 2018 20:39:56 +0100},
  biburl    = {https://dblp.org/rec/journals/corr/abs-1810-04805.bib},
  bibsource = {dblp computer science bibliography, https://dblp.org}
}

@article{dataSetGoogleASQA,
  title={Asqa: Factoid questions meet long-form answers},
  author={Stelmakh, Ivan and Luan, Yi and Dhingra, Bhuwan and Chang, Ming-Wei},
  journal={arXiv preprint arXiv:2204.06092},
  year={2022},
  URL = {https://arxiv.org/abs/2204.06092},
  URL = {https://github.com/google-research/language/tree/master/language/asqa},
  URL = {https://aclanthology.org/2022.emnlp-main.566.pdf}
}

@article{artigoPorcentagemQuestoes,
   title = {Avaliação da aprendizagem na universidade},
   journal = {{Psicologia Escolar e Educacional}},
   author={Oliveira, Katya Luciane de AND Santos, Acácia Aparecida Angeli dos Santos},
   ISSN = {1413-8557},
   language = {pt},
   URL = {http://pepsic.bvsalud.org/scielo.php?script=sci_arttext&pid=S1413-85572005000100004&nrm=iso},
   volume = {9},
   year = {2005},
   month = {06},
   pages = {37 - 46},
   publisher = {scielopepsic}
}

@book{ML,
author = {Marsland, Stephen},
title = {Machine Learning: An Algorithmic Perspective, Second Edition},
year = {2014},
isbn = {1466583282},
publisher = {Chapman \& Hall/CRC},
edition = {2nd}
}

@book{NLP,
  author={Eisenstein, Jacob},
  title={Introduction to natural language processing},
  year={2019},
  publisher={MIT press}
}

@article{DeterminingDegreeRelevanceReviewsUsingGraphBasedTextRepresentation,
  author={Ramachandran, Lakshmi and Gehringer, Edward F.},
  booktitle={2011 IEEE 23rd International Conference on Tools with Artificial Intelligence}, 
  title={Determining Degree of Relevance of Reviews Using a Graph-Based Text Representation}, 
  year={2011},
  volume={},
  number={},
  pages={442-445},
  doi={10.1109/ICTAI.2011.72},
  url={https://ieeexplore.ieee.org/document/6103362}
}

@article{ChineseTextParaphraseDetectionMethodBasedDependencyTree,
  author={Jiang, Yipeng and Hao, Yu and Zhu, Xiaoyan},
  booktitle={2016 IEEE 13th International Conference on Networking, Sensing, and Control (ICNSC)}, 
  title={A Chinese text paraphrase detection method based on dependency tree}, 
  year={2016},
  volume={},
  number={},
  pages={1-5},
  doi={10.1109/ICNSC.2016.7479003},
  url={https://ieeexplore.ieee.org/document/7479003}
}

@article{FindingPlagiarizedDocumentsBasedSentenceSimilarity,
  author={Gustafson, Nathaniel and Pera, Maria Soledad and Ng, Yiu-Kai},
  booktitle={2008 IEEE/WIC/ACM International Conference on Web Intelligence and Intelligent Agent Technology}, 
  title={Nowhere to Hide: Finding Plagiarized Documents Based on Sentence Similarity}, 
  year={2008},
  volume={1},
  number={},
  pages={690-696},
  doi={10.1109/WIIAT.2008.16},
  url={https://ieeexplore.ieee.org/document/4740531}
}

@article{textMatchCycleGAN,
  author={Zhang, Shutao and Tan, Haibo and Chen, Liangfeng and Lv, Bo},
  journal={IEEE Access}, 
  title={Enhanced Text Matching Based on Semantic Transformation}, 
  year={2020},
  volume={8},
  number={},
  pages={30897-30904},
  doi={10.1109/ACCESS.2020.2973206},
  url={https://ieeexplore.ieee.org/document/8993831}
}

@article{descriptiveTypeAnswersLSA,
  author={Meena, K and Lawrance, R},
  booktitle={2016 International Conference on Computing Technologies and Intelligent Data Engineering (ICCTIDE'16)}, 
  title={Semantic similarity based assessment of descriptive type answers}, 
  year={2016},
  volume={},
  number={},
  pages={1-7},
  doi={10.1109/ICCTIDE.2016.7725366},
  url={https://ieeexplore.ieee.org/document/7725366}
}

@article{comparativeApproachesAutomatedAssessment,
  author={Kaur, Amarjeet and Sasikumar, M.},
  booktitle={2017 International Conference on Computational Intelligence in Data Science(ICCIDS)}, 
  title={A comparative analysis of various approaches for automated assessment of descriptive answers}, 
  year={2017},
  volume={},
  number={},
  pages={1-7},
  doi={10.1109/ICCIDS.2017.8272650},
  url={https://ieeexplore.ieee.org/document/8272650}
}

@article{automaticAssessmentShortAnswers,
  title={A reliable approach to automatic assessment of short answer free responses},
  author={Bachman, Lyle F and Carr, Nathan and Kamei, Greg and Kim, Mikyung and Pan, Michael J and Salvador, Chris and Sawaki, Yasuyo},
  booktitle={COLING 2002: The 17th International Conference on Computational Linguistics: Project Notes},
  year={2002},
  url={https://aclanthology.org/C02-2023.pdf}
}

@article{AnswerEvaluationSystemCosineSimilarityTechnique,
  author={Thalor, Meenakshi A.},
  booktitle={2021 International Conference on Communication information and Computing Technology (ICCICT)}, 
  title={A Descriptive Answer Evaluation System Using Cosine Similarity Technique}, 
  year={2021},
  volume={},
  number={},
  pages={1-4},
  doi={10.1109/ICCICT50803.2021.9510170},
  url={https://ieeexplore.ieee.org/document/9510170}
}

@INPROCEEDINGS{DescriptiveAnswerEvaluationSystemUsingCosineSimilarityTechnique,
  author={Thalor, Meenakshi A.},
  booktitle={2021 International Conference on Communication information and Computing Technology (ICCICT)}, 
  title={A Descriptive Answer Evaluation System Using Cosine Similarity Technique}, 
  year={2021},
  volume={},
  number={},
  pages={1-4},
  doi={10.1109/ICCICT50803.2021.9510170},
  url={https://ieeexplore.ieee.org/document/9510170}
}

@INPROCEEDINGS{ApplicationResearchSimilarityAlgorithmDesignEnglishIntelligentQuestionAnsweringSystem,
  author={Zhang, Jing},
  booktitle={2022 IEEE 2nd International Conference on Mobile Networks and Wireless Communications (ICMNWC)}, 
  title={Application Research of Similarity Algorithm in the Design of English Intelligent Question Answering System}, 
  year={2022},
  volume={},
  number={},
  pages={1-4},
  doi={10.1109/ICMNWC56175.2022.10031708}
}


@inproceedings{ReliableApproachAutomaticAssessmentShortAnswerFreeResponses,
  title={A Reliable Approach to Automatic Assessment of Short Answer Free Responses},
  author={Lyle F. Bachman and Nathan Carr and Greg Kamei and Mikyung Kim and Michael J. Pan and Chris Salvador and Yasuyo Sawaki},
  booktitle={International Conference on Computational Linguistics},
  year={2002},
  url={https://api.semanticscholar.org/CorpusID:27889503}
}

@article{IntelligentSystemEvaluationDescriptiveAnswersFuzzyGraphs,
  author={Bagaria, Vinal and Badve, Mohit and Beldar, Manasi and Ghane, Sunil},
  booktitle={2020 3rd International Conference on Intelligent Sustainable Systems (ICISS)}, 
  title={An Intelligent System for Evaluation of Descriptive Answers}, 
  year={2020},
  volume={},
  number={},
  pages={19-24},
  doi={10.1109/ICISS49785.2020.9316110},
  url={https://ieeexplore.ieee.org/document/9316110}
}

@article{DesignEnglishIntelligentQuestionAnsweringSystem,
  author={Zhang, Jing},
  booktitle={2022 IEEE 2nd International Conference on Mobile Networks and Wireless Communications (ICMNWC)}, 
  title={Application Research of Similarity Algorithm in the Design of English Intelligent Question Answering System}, 
  year={2022},
  volume={},
  number={},
  pages={1-4},
  doi={10.1109/ICMNWC56175.2022.10031708},
  url={https://ieeexplore.ieee.org/document/10031708}
}

@article{NearDuplicateTextDetectionKendalRankCorrelationModelTVM,
  author={Poulos, Marios},
  booktitle={2016 7th International Conference on Information, Intelligence, Systems & Applications (IISA)}, 
  title={Near duplicate text detection using graph depiction}, 
  year={2016},
  volume={},
  number={},
  pages={1-6},
  doi={10.1109/IISA.2016.7785368},
  url = {https://ieeexplore.ieee.org/document/7785368}
}

@article{RecognitionParallelismSentenceBasedRecurrentNeuralNetwork,
  author={Dai, Yange and Song, Wei and Liu, Xianjun and Liu, Lizhen and Zhao, Xinlei},
  booktitle={2018 IEEE 9th International Conference on Software Engineering and Service Science (ICSESS)}, 
  title={Recognition of Parallelism Sentence Based on Recurrent Neural Network}, 
  year={2018},
  volume={},
  number={},
  pages={148-151},
  doi={10.1109/ICSESS.2018.8663734},
  url={https://ieeexplore.ieee.org/document/8663734}
}

@article{LSGCInteractiveTextMatchingModelEnhancedEncoding,
  author={Wang, Chenglin and Xu, Xiaowei and Wei, Zhimin and Zhang, Wei and Liu, Zhenyu},
  booktitle={2022 International Joint Conference on Neural Networks (IJCNN)}, 
  title={LSGC: An Interactive Text Matching Model Combined with Enhanced Encoding}, 
  year={2022},
  volume={},
  number={},
  pages={1-7},
  doi={10.1109/IJCNN55064.2022.9889792},
  url={https://ieeexplore.ieee.org/document/9889792}
}

@article{SoftwareSystemSemanticSimilarityShortTextSerbian,
  author={Batanović, Vuk and Furlan, Bojan and Nikolić, Boško},
  booktitle={2011 19thTelecommunications Forum (TELFOR) Proceedings of Papers}, 
  title={A software system for determining the semantic similarity of short texts in Serbian}, 
  year={2011},
  volume={},
  number={},
  pages={1249-1252},
  doi={10.1109/TELFOR.2011.6143778},
  url={https://ieeexplore.ieee.org/document/6143778}
}

@ARTICLE{EnhancedTextMatchingBasedSemanticTransformation,
  author={Zhang, Shutao and Tan, Haibo and Chen, Liangfeng and Lv, Bo},
  journal={IEEE Access}, 
  title={Enhanced Text Matching Based on Semantic Transformation}, 
  year={2020},
  volume={8},
  number={},
  pages={30897-30904},
  doi={10.1109/ACCESS.2020.2973206},
  url={https://ieeexplore.ieee.org/document/8993831}
}

@INPROCEEDINGS{SemanticSimilarityBasedAssessmentDescriptiveTypeAnswers,
  author={Meena, K and Lawrance, R},
  booktitle={2016 International Conference on Computing Technologies and Intelligent Data Engineering (ICCTIDE'16)}, 
  title={Semantic similarity based assessment of descriptive type answers}, 
  year={2016},
  volume={},
  number={},
  pages={1-7},
  doi={10.1109/ICCTIDE.2016.7725366},
  url={https://ieeexplore.ieee.org/document/7725366}
}

@INPROCEEDINGS{comparativeAnalysisVariousApproachesAutomatedAssessmentDescriptiveAnswers,
  author={Kaur, Amarjeet and Sasikumar, M.},
  booktitle={2017 International Conference on Computational Intelligence in Data Science(ICCIDS)}, 
  title={A comparative analysis of various approaches for automated assessment of descriptive answers}, 
  year={2017},
  volume={},
  number={},
  pages={1-7},
  doi={10.1109/ICCIDS.2017.8272650},
  url={https://ieeexplore.ieee.org/document/8272650}
}

@article{ArabicSemanticTextualSimilarityConvolutionalGatedRecurrentUnits,
  author={Mahmoud, Adnen and Zrigui, Mounir},
  booktitle={2021 International Conference on INnovations in Intelligent SysTems and Applications (INISTA)}, 
  title={Arabic Semantic Textual Similarity Identification based on Convolutional Gated Recurrent Units}, 
  year={2021},
  volume={},
  number={},
  pages={1-7},
  doi={10.1109/INISTA52262.2021.9548576},
  url={https://ieeexplore.ieee.org/document/9548576}
}

@article{ChineseParaphraseDetectionBasedDependencyTree,
  author={Jiang, Yipeng and Hao, Yu and Zhu, Xiaoyan},
  booktitle={2016 IEEE 13th International Conference on Networking, Sensing, and Control (ICNSC)}, 
  title={A Chinese text paraphrase detection method based on dependency tree}, 
  year={2016},
  volume={},
  number={},
  pages={1-5},
  doi={10.1109/ICNSC.2016.7479003},
  url={https://ieeexplore.ieee.org/document/7479003}
}

@article{UsingParaphrasesTweetClassificationComparingWordNetAndWordEmbedding,
  author={Li, Quanzhi and Shah, Sameena and Ghassemi, Mohammad and Fang, Rui and Nourbakhsh, Armineh and Liu, Xiaomo},
  booktitle={2016 IEEE International Conference on Big Data (Big Data)}, 
  title={Using paraphrases to improve tweet classification: Comparing WordNet and word embedding approaches}, 
  year={2016},
  volume={},
  number={},
  pages={4014-4016},
  doi={10.1109/BigData.2016.7841094},
  url={https://ieeexplore.ieee.org/document/7841094}
}

@article{UnsupervisedLexicalSemanticChangeDetection,
  title={SemEval-2020 Task 1: Unsupervised Lexical Semantic Change Detection},
  author={Dominik Schlechtweg and Barbara McGillivray and Simon Hengchen and Haim Dubossarsky and Nina Tahmasebi},
  journal={ArXiv},
  year={2020},
  volume={abs/2007.11464},
  url={https://api.semanticscholar.org/CorpusID:220686630}
}

@article{SemanticTextualSimilarityMultilingualCrosslingualFocusedEvaluation,
  title={SemEval-2017 Task 1: Semantic Textual Similarity Multilingual and Crosslingual Focused Evaluation},
  author={Daniel Matthew Cer and Mona T. Diab and Eneko Agirre and I{\~n}igo Lopez-Gazpio and Lucia Specia},
  booktitle={International Workshop on Semantic Evaluation},
  year={2017},
  url={https://api.semanticscholar.org/CorpusID:4421747}
}

@article{SyntacticSimilarityBasedSimilarityMatrixForEvaluatingDescriptiveAnswer,
  author={Paul, Dimple V. and Pawar, Jyoti D.},
  booktitle={2014 IEEE Sixth International Conference on Technology for Education}, 
  title={Use of Syntactic Similarity Based Similarity Matrix for Evaluating Descriptive Answer}, 
  year={2014},
  volume={},
  number={},
  pages={253-256},
  doi={10.1109/T4E.2014.60},
  url={https://ieeexplore.ieee.org/document/7009583}
}

@article{SemanticSimilarityBasedDescriptiveAnswerEvaluation,
title = {Chapter 16 - Semantic similarity–based descriptive answer evaluation},
editor = {Sarika Jain and Vishal Jain and Valentina Emilia Balas},
booktitle = {Web Semantics},
publisher = {Academic Press},
pages = {221-231},
year = {2021},
isbn = {978-0-12-822468-7},
doi = {https://doi.org/10.1016/B978-0-12-822468-7.00014-6},
url = {https://www.sciencedirect.com/science/article/pii/B9780128224687000146},
author = {Mohammad Shaharyar Shaukat and Mohammed Tanzeem and Tameem Ahmad and Nesar Ahmad},
keywords = {Semantic similarity, subjective evaluation, WordNet, natural language processing}
}

@article{StudyAutomatedEvaluationStudentsExaminationPaperMachineLearningTechniques,
  author={Sanuvala, Ganga and Fatima, Syeda Sameen},
  booktitle={2021 International Conference on Computing, Communication, and Intelligent Systems (ICCCIS)}, 
  title={A Study of Automated Evaluation of Student’s Examination Paper using Machine Learning Techniques}, 
  year={2021},
  volume={},
  number={},
  pages={1049-1054},
  doi={10.1109/ICCCIS51004.2021.9397227},
  ulr={https://ieeexplore.ieee.org/document/9397227}
}

@article{OnlineExaminationWithShortTextMatching,
  author={Kudi, Pooja and Manekar, Amitkumar and Daware, Kavita and Dhatrak, Tejaswini},
  booktitle={2014 IEEE Global Conference on Wireless Computing & Networking (GCWCN)}, 
  title={Online Examination with short text matching}, 
  year={2014},
  volume={},
  number={},
  pages={56-60},
  doi={10.1109/GCWCN.2014.7030847},
  url={https://ieeexplore.ieee.org/document/7030847}
}

@article{TowardsAutomatedEvaluationHandwrittenAssessments,
  author={Rowtula, Vijay and Oota, Subba Reddy and C.V, Jawahar},
  booktitle={2019 International Conference on Document Analysis and Recognition (ICDAR)}, 
  title={Towards Automated Evaluation of Handwritten Assessments}, 
  year={2019},
  volume={},
  number={},
  pages={426-433},
  doi={10.1109/ICDAR.2019.00075},
  url={https://ieeexplore.ieee.org/document/8977982}
}

@article{AutomaticShortAnswerGrading-ASAG-usingAttentionBasedDeepLearningMODEL,
  author={Amur, Zaira Hassan and Hooi, Yew Kwang and Soomro, Gul Muhammad},
  booktitle={2022 International Conference on Digital Transformation and Intelligence (ICDI)}, 
  title={Automatic Short Answer Grading (ASAG) using Attention-Based Deep Learning MODEL}, 
  year={2022},
  volume={},
  number={},
  pages={1-7},
  doi={10.1109/ICDI57181.2022.10007187},
  url={https://ieeexplore.ieee.org/document/10007187}
}