@Article{bitcoinWhitePaper,
  title         = {Bitcoin: A Peer-to-Peer Electronic Cash System},
  author        = {Satoshi Nakamoto},
  year          = 2008,
  keywords      = {Bitcoin, Money},
  url           = {https://bitcoin.org/bitcoin.pdf}
}

@Book{bitcoinFernandoUlrich,
  title         = {Bitcoin - A moeda na era digital},
  author        = {Fernando Ulrich},
  year          = 2014,
  publisher     = {LVM Editora},
  url           = {https://produtos.infomoney.com.br/hubfs/ebook-bitcoin.pdf},
  isbn          = 8581190766
}

@Article{computacaoNuvemIfrn,
  title         = {COMPUTAÇÃO EM NUVEM: CONCEITOS E TECNOLOGIAS DE GERENCIAMENTO DE DADOS},
  author        = {Ticiana Linhares Coelho da Silva; Jean Gleison de Santana Silva; Lincoln
Alexandre Paz Silva; Clayton Maciel Costa},
  url           = {https://di.uern.br/epoca2010/artigos/78540_1.pdf}
}

@Article{computacaoNuvemUfc,
  title         = {Gerenciamento de Dados em Nuvem: Conceitos, Sistemas e Desafios},
  author        = {Flávio R. C. Sousa; Leonardo O. Moreira; José Antônio F. de Macêdo; Javam C. Machado},
  journal={Topicos em sistemas colaborativos, interativos, multimidia, web e bancos de dados, Sociedade Brasileira de Computacao},
  pages={101--130},
  year={2010},
  url           = {http://200.17.137.109:8081/novobsi/Members/josino/fundamentos-de-banco-de-dados/2012.1/Gerenciamento_Dados_Nuvem.pdf}
}

@Article{topologiaMeshComLora,
  title         = {PROTOCOLO DE COMUNICAÇÃO DE TOPOLOGIA MESH UTILIZANDO RADIOFREQUÊNCIA POR MODULAÇÃO LORA},
  author        = {Abel, Matheus George},
  year          = 2019,
  keywords      = {LoRa, Rede Mesh, Protocolo de comunicação, IoT},
  url           = {https://www.univates.br/bduserver/api/core/bitstreams/8d51fdd8-2684-41e7-b4cc-86a3fb9d831c/content}
}

@Article{redeHibridaMeshComLora,
  title         = {Proposal of a Hybrid LoRa Mesh / LoRaWAN Network},
  author        = {Almeida, Nelson C.; Rolle, Rodrigo P. Autor; Godoy, Eduardo P.; Ferrari, Paolo; Sisinni, Emiliano},
  year          = 2020,
  keywords      = {AODV protocol, Industry 4.0, Internet of Things, LoRa},
  url           = {https://repositorio.unesp.br/handle/11449/199195}
}

@Article{awsDataManagement,
    author = {Amazon},
    title = {O que é gerenciamento de dados?},
    url = {https://aws.amazon.com/pt/what-is/data-management/}
}

@Book{assange,
  title         = {Cypherpunks: Freedom and the Future of the Internet},
  author        = {Assange, Julian},
  year          = 2012,
  publisher     = {OR Books},
  url           = {https://www.orbooks.com/catalog/cypherpunks/},
  isbn          = 1944869085
}

@Article{cryptoManifesto,
  title         = {The Crypto Anarchist Manifesto},
  author        = {May, Timothy C.},
  year          = 1988,
  url           = {https://groups.csail.mit.edu/mac/classes/6.805/articles/crypto/cypherpunks/may-crypto-manifesto.html}
}

@Article{predecessoresBtc,
  title         = {Os predecessores do Bitcoin},
  author        = {Nascimento, Daniela Pereira},
  year          = 2021,
  url           = {https://www.moneytimes.com.br/escolacripto-os-predecessores-do-bitcoin/}
}

@Article{p2pFoundation,
  title         = {Bitcoin open source implementation of P2P currency},
  author        = {Nakamoto, Satoshi},
  year          = 2009,
  url           = {https://p2pfoundation.ning.com/forum/topics/bitcoin-open-source?commentId=2003008%3AComment%3A169634}
}

@Unpublished{blockchainInfo,
    author = {Blochain Infos},
    title = {Blockchain Size},
    url = {https://www.blockchain.com/explorer/charts/blocks-size}
}

@Article{sinteticos,
  title         = {Stables bancárias, algorítmicas e sintéticos},
  author        = {Amoedo, Renato},
  year          = 2023,
  url           = {https://amoedo.substack.com/p/stables-bancarias-algoritmicas-e}
}

@Article{btcRadio,
  title         = {Como um grupo de brasileiros enviou Bitcoin à Lua via rádio amador e código morse},
  author        = {Honorato, Saori},
  year          = 2021,
  url           = {https://portaldobitcoin.uol.com.br/como-um-grupo-de-brasileiros-enviou-bitcoin-a-lua-via-radio-amador-e-codigo-morse/}
}

@Article{taproot,
  title         = {O que é Taproot},
  author        = {Souza, Carol},
  year          = 2023,
  url           = {https://artigos.areabitcoin.com.br/o-que-e-taproot/}
}